@article{Karpathy2014LargeScaleVC,
  title={Large-Scale Video Classification with Convolutional Neural Networks},
  author={Andrej Karpathy and George Toderici and Sanketh Shetty and Thomas Leung and Rahul Sukthankar and Li Fei-Fei},
  journal={2014 IEEE Conference on Computer Vision and Pattern Recognition},
  year={2014},
  pages={1725-1732}
}

@article{Ji20133DCN,
  title={3D Convolutional Neural Networks for Human Action Recognition},
  author={Shuiwang Ji and Wei Xu and Ming Yang and Kai Yu},
  journal={IEEE Transactions on Pattern Analysis and Machine Intelligence},
  year={2013},
  volume={35},
  pages={221-231}
}

@article{Wang2016TemporalSN,
  title={Temporal Segment Networks: Towards Good Practices for Deep Action Recognition},
  author={Limin Wang and Yuanjun Xiong and Zhe Wang and Yu Qiao and Dahua Lin and Xiaoou Tang and Luc Van Gool},
  journal={ArXiv},
  year={2016},
  volume={abs/1608.00859}
}

@article{Feichtenhofer2019SlowFastNF,
  title={SlowFast Networks for Video Recognition},
  author={Christoph Feichtenhofer and Haoqi Fan and Jitendra Malik and Kaiming He},
  journal={2019 IEEE/CVF International Conference on Computer Vision (ICCV)},
  year={2019},
  pages={6201-6210}
}

@article{Qiu2017LearningSR,
  title={Learning Spatio-Temporal Representation with Pseudo-3D Residual Networks},
  author={Zhaofan Qiu and Ting Yao and Tao Mei},
  journal={2017 IEEE International Conference on Computer Vision (ICCV)},
  year={2017},
  pages={5534-5542}
}

@article{Tran2018ACL,
  title={A Closer Look at Spatiotemporal Convolutions for Action Recognition},
  author={Du Tran and Heng Wang and Lorenzo Torresani and Jamie Ray and Yann LeCun and Manohar Paluri},
  journal={2018 IEEE/CVF Conference on Computer Vision and Pattern Recognition},
  year={2018},
  pages={6450-6459}
}

@inproceedings{Simonyan2014TwoStreamCN,
  title={Two-Stream Convolutional Networks for Action Recognition in Videos},
  author={Karen Simonyan and Andrew Zisserman},
  booktitle={NIPS},
  year={2014}
}

@article{Fernando2017SelfSupervisedVR,
  title={Self-Supervised Video Representation Learning with Odd-One-Out Networks},
  author={Basura Fernando and Hakan Bilen and Efstratios Gavves and Stephen Gould},
  journal={2017 IEEE Conference on Computer Vision and Pattern Recognition (CVPR)},
  year={2017},
  pages={5729-5738}
}

@article{Xu2019SelfSupervisedSL,
  title={Self-Supervised Spatiotemporal Learning via Video Clip Order Prediction},
  author={D. Xu and Jun Xiao and Zhou Zhao and Jian Shao and Di Xie and Yueting Zhuang},
  journal={2019 IEEE/CVF Conference on Computer Vision and Pattern Recognition (CVPR)},
  year={2019},
  pages={10326-10335}
}

@inproceedings{Wang2020SelfsupervisedVR,
  title={Self-supervised Video Representation Learning by Pace Prediction},
  author={Jiangliu Wang and Jianbo Jiao and Yunhui Liu},
  booktitle={ECCV},
  year={2020}
}

@article{Pan2020AdversarialCA,
  title={Adversarial Cross-Domain Action Recognition with Co-Attention},
  author={Boxiao Pan and Zhangjie Cao and Ehsan Adeli and Juan Carlos Niebles},
  journal={ArXiv},
  year={2020},
  volume={abs/1912.10405}
}

@article{Munro2019MultiModalDA,
  title={Multi-Modal Domain Adaptation for Fine-Grained Action Recognition},
  author={Jonathan Munro and Dima Damen},
  journal={2019 IEEE/CVF International Conference on Computer Vision Workshop (ICCVW)},
  year={2019},
  pages={3723-3726}
}

@inproceedings{Choi2020ShuffleAA,
  title={Shuffle and Attend: Video Domain Adaptation},
  author={Jinwoo Choi and Gaurav Sharma and Samuel Schulter and Jia-Bin Huang},
  booktitle={ECCV},
  year={2020}
}

@article{Xu2021PartialVD,
  title={Partial Video Domain Adaptation with Partial Adversarial Temporal Attentive Network},
  author={Yuecong Xu and Jianfei Yang and Haozhi Cao and Qi Li and Kezhi Mao and Zhenghua Chen},
  journal={2021 IEEE/CVF International Conference on Computer Vision (ICCV)},
  year={2021},
  pages={9312-9321}
}

 @misc{UG2-2,
    title={UG2+ Challenge Track2},
    url={http://cvpr2022.ug2challenge.org/track2.html},
    journal={UG2+ challenge},
    author={Xu, Yuecong and Chen , Zhenghua and Yang , Jianfei and Cao , Haozhi and Yin, Jianxiong},
    year={2022}
} 

@article{Xu2020ARIDAN,
  title={ARID: A New Dataset for Recognizing Action in the Dark},
  author={Yuecong Xu and Jianfei Yang and Haozhi Cao and Kezhi Mao and Jianxiong Yin and S. See},
  journal={ArXiv},
  year={2020},
  volume={abs/2006.03876}
}

@article{Kuehne2011HMDBAL,
  title={HMDB: A large video database for human motion recognition},
  author={Hilde Kuehne and Hueihan Jhuang and Est{\'i}baliz Garrote and Tomaso A. Poggio and Thomas Serre},
  journal={2011 International Conference on Computer Vision},
  year={2011},
  pages={2556-2563}
}

@article{Soomro2012UCF101AD,
  title={UCF101: A Dataset of 101 Human Actions Classes From Videos in The Wild},
  author={Khurram Soomro and Amir Roshan Zamir and Mubarak Shah},
  journal={ArXiv},
  year={2012},
  volume={abs/1212.0402}
}

@article{Kay2017TheKH,
  title={The Kinetics Human Action Video Dataset},
  author={Will Kay and Jo{\~a}o Carreira and Karen Simonyan and Brian Zhang and Chloe Hillier and Sudheendra Vijayanarasimhan and Fabio Viola and Tim Green and Trevor Back and Apostol Natsev and Mustafa Suleyman and Andrew Zisserman},
  journal={ArXiv},
  year={2017},
  volume={abs/1705.06950}
}

@article{Monfort2020MomentsIT,
  title={Moments in Time Dataset: One Million Videos for Event Understanding},
  author={Mathew Monfort and Bolei Zhou and Sarah Adel Bargal and Alex Andonian and Tom Yan and Kandan Ramakrishnan and Lisa M. Brown and Quanfu Fan and Dan Gutfreund and Carl Vondrick and Aude Oliva},
  journal={IEEE Transactions on Pattern Analysis and Machine Intelligence},
  year={2020},
  volume={42},
  pages={502-508}
}

@article{Carreira2017QuoVA,
  title={Quo Vadis, Action Recognition? A New Model and the Kinetics Dataset},
  author={Jo{\~a}o Carreira and Andrew Zisserman},
  journal={2017 IEEE Conference on Computer Vision and Pattern Recognition (CVPR)},
  year={2017},
  pages={4724-4733}
}

@article{Hara2018CanS3,
  title={Can Spatiotemporal 3D CNNs Retrace the History of 2D CNNs and ImageNet?},
  author={Kensho Hara and Hirokatsu Kataoka and Yutaka Satoh},
  journal={2018 IEEE/CVF Conference on Computer Vision and Pattern Recognition},
  year={2018},
  pages={6546-6555}
}

@article{Jing2018SelfSupervisedSF,
  title={Self-Supervised Spatiotemporal Feature Learning via Video Rotation Prediction.},
  author={Longlong Jing and Xiaodong Yang and Jingen Liu and Yingli Tian},
  journal={arXiv: Computer Vision and Pattern Recognition},
  year={2018}
}

@article{Doersch2015UnsupervisedVR,
  title={Unsupervised Visual Representation Learning by Context Prediction},
  author={Carl Doersch and Abhinav Kumar Gupta and Alexei A. Efros},
  journal={2015 IEEE International Conference on Computer Vision (ICCV)},
  year={2015},
  pages={1422-1430}
}